@misc{lost_in_the_middle,
    author = {Nelson F. Liu and Kevin Lin and John Hewitt and Ashwin Paranjape and Michele Bevilacqua and Fabio Petroni and Percy Liang},
    title = {Lost in the Middle: How Language Models Use Long Contexts},
    year = {2023},
    url = {https://arxiv.org/abs/2307.03172}
}

@misc{synth_needle,
    author = {Zheyang Xiong and Vasilis Papageorgiou and Kangwook Lee and Dimitris Papailiopoulos},
    title = {From Artificial Needles to Real Haystacks: Improving Retrieval Capabilities in LLMs by Finetuning on Synthetic Data},
    year = {2024},
    url = {https://arxiv.org/abs/2406.19292v2}
}

@misc{raft,
    author = {Tianjun Zhang and Shishir G. Patil and Naman Jain and Sheng She and Matei Zaharia and Ion Stoica and Joseph E. Gonzalez},
    title = {RAFT: Adapting Language Model to Domain Specific RAG},
    year = {2024},
    url = {https://arxiv.org/abs/2403.10131}
}

@misc{irrelevant_retrieve,
    author = {Akari Asai and Zeqiu Wu and Yizhong Wang and Avirup Sil and Hannaneh Hajishirzi},
    title = {Self-RAG: Learning to Retrieve, Generate, and Critique through Self-Reflection},
    year = {2023},
    url = {https://arxiv.org/abs/2310.11511}
}

@misc{transformer,
    author = {Ashish Vaswani and Noam Shazeer and Niki Parmar and Jakob Uszkoreit and Llion Jones and Aidan N. Gomez and Lukasz Kaiser and Illia Polosukhin},
    title = {Attention Is All You Need},
    year = {2017},
    url = {https://arxiv.org/abs/1706.03762}
}

@misc{irrelevant_retrieve_ralm,
    author = {Ori Yoran and Tomer Wolfson and Ori Ram and Jonathan Berant},
    title = {Making Retrieval-Augmented Language Models Robust to Irrelevant Context},
    year = {2023},
    url = {https://arxiv.org/abs/2310.01558}
}

@misc{RAG,
    author = {Patrick Lewis and Ethan Perez and Aleksandra Piktus and Fabio Petroni and Vladimir Karpukhin and Naman Goyal and Heinrich Küttler and Mike Lewis and Wen-tau Yih and Tim Rocktäschel and Sebastian Riedel and Douwe Kiela},
    title = {Retrieval-Augmented Generation for Knowledge-Intensive NLP Tasks},
    year = {2020},
    url = {https://arxiv.org/abs/2005.11401}
}

@misc{LoRA,
    author = {Edward J. Hu and Yelong Shen and Phillip Wallis and Zeyuan Allen-Zhu and Yuanzhi Li and Shean Wang and Lu Wang and Weizhu Chen},
    title = {LoRA: Low-Rank Adaptation of Large Language Models},
    year = {2021},
    url = {https://arxiv.org/abs/2106.09685}
}

@misc{WebGLM,
    author = {Xiao Liu and Hanyu Lai and Hao Yu and Yifan Xu and Aohan Zeng and Zhengxiao Du and Peng Zhang and Yuxiao Dong and Jie Tang},
    title = {WebGLM: Towards An Efficient Web-Enhanced Question
Answering System with Human Preferences},
    year = {2023},
    url = {https://arxiv.org/abs/2306.07906}
}

@misc{MMLU,
    author = {Dan Hendrycks and Collin Burns and Steven Basart and Andy Zou and Mantas Mazeika and Dawn Song and Jacob Steinhardt},
    title = {Measuring Massive Multitask Language Understanding},
    year = {2020},
    url = {https://arxiv.org/abs/2009.03300}
}

@misc{MERA,
    author = {Alena Fenogenova and Artem Chervyakov and Nikita Martynov and Anastasia Kozlova and Maria Tikhonova and Albina Akhmetgareeva and Anton Emelyanov and Denis Shevelev and Pavel Lebedev and Leonid Sinev and Ulyana Isaeva and Katerina Kolomeytseva and Daniil Moskovski and Elizaveta Goncharova and Nikita Savushkin and Polina Mikhailova and Denis Dimitrov and Alexander Panchenko and Sergei Markov},
    title = {MERA: A Comprehensive LLM Evaluation in Russian},
    year = {2024},
    url = {https://arxiv.org/abs/2401.04531}
}

@misc{ROUGE,
    author = {Chin-Yew Lin},
    title = {ROUGE: A Package for Automatic Evaluation of Summaries},
    year = {2004},
    url = {https://aclanthology.org/W04-1013.pdf}
}

@misc{LLM-as-judge-1,
    author = {Lianmin Zheng and Wei-Lin Chiang and Ying Sheng and Siyuan Zhuang and Zhanghao Wu and Yonghao Zhuang and Zi Lin and Zhuohan Li and Dacheng Li and Eric P. Xing and Hao Zhang and Joseph E. Gonzalez and Ion Stoica},
    title = {Judging LLM-as-a-Judge with MT-Bench and Chatbot Arena},
    year = {2023},
    url = {https://arxiv.org/abs/2306.05685}
}

@misc{LLM-as-judge-2,
    author = {Anna Bavaresco and Raffaella Bernardi and Leonardo Bertolazzi and Desmond Elliott and Raquel Fernández and Albert Gatt and Esam Ghaleb and Mario Giulianelli and Michael Hanna and Alexander Koller and André F. T. Martins and Philipp Mondorf and Vera Neplenbroek and Sandro Pezzelle and Barbara Plank and David Schlangen and Alessandro Suglia and Aditya K Surikuchi and Ece Takmaz and Alberto Testoni},
    title = {LLMs instead of Human Judges? A Large Scale Empirical Study across 20 NLP Evaluation Tasks},
    year = {2024},
    url = {https://arxiv.org/abs/2406.18403}
}

@misc{LLM-as-judge-3,
    author = {Jiawei Gu and Xuhui Jiang and Zhichao Shi and Hexiang Tan and Xuehao Zhai and Chengjin Xu and Wei Li and Yinghan Shen and Shengjie Ma and Honghao Liu and Saizhuo Wang and Kun Zhang and Yuanzhuo Wang and Wen Gao and Lionel Ni and Jian Guo},
    title = {A Survey on LLM-as-a-Judge},
    year = {2024},
    url = {https://arxiv.org/abs/2411.15594}
}